<record><leader>00000cas a2200000 a 4500</leader><controlfield tag="001">17800932</controlfield><controlfield tag="008">880416d18661874miuwr ne      0    0eng c</controlfield><datafield ind1=" " ind2=" " tag="010"><subfield code="a">sn 88074165 </subfield></datafield><datafield ind1=" " ind2=" " tag="040"><subfield code="a">NYS</subfield><subfield code="b">eng</subfield><subfield code="c">NYS</subfield><subfield code="d">MHN</subfield><subfield code="d">OCL</subfield><subfield code="d">OCLCQ</subfield><subfield code="d">OCLCF</subfield><subfield code="d">OCLCO</subfield></datafield><datafield ind1=" " ind2=" " tag="042"><subfield code="a">pcc</subfield></datafield><datafield ind1=" " ind2=" " tag="043"><subfield code="a">n-us-mi</subfield></datafield><datafield ind1="0" ind2=" " tag="130"><subfield code="a">St. Joseph herald (Saint Joseph, Mich. : 1866)</subfield></datafield><datafield ind1="1" ind2="0" tag="245"><subfield code="a">St. Joseph herald.</subfield></datafield><datafield ind1="3" ind2=" " tag="246"><subfield code="a">Saint Joseph herald</subfield></datafield><datafield ind1=" " ind2=" " tag="260"><subfield code="a">Saint Joseph, Mich. :</subfield><subfield code="b">Horace W. Guernsey</subfield></datafield><datafield ind1=" " ind2=" " tag="300"><subfield code="a">v.</subfield></datafield><datafield ind1=" " ind2=" " tag="310"><subfield code="a">Weekly</subfield></datafield><datafield ind1="1" ind2=" " tag="362"><subfield code="a">Began in 1866?</subfield></datafield><datafield ind1=" " ind2=" " tag="580"><subfield code="a">Merged with: Saint Joseph traveler, to form: St. Joseph traveler and herald.</subfield></datafield><datafield ind1=" " ind2=" " tag="588"><subfield code="a">Description based on: Vol. 2, no. 37 (Jan. 18, 1868).</subfield></datafield><datafield ind1=" " ind2="0" tag="651"><subfield code="a">Saint Joseph (Mich.)</subfield><subfield code="v">Newspapers.</subfield></datafield><datafield ind1=" " ind2="0" tag="651"><subfield code="a">Berrien County (Mich.)</subfield><subfield code="v">Newspapers.</subfield></datafield><datafield ind1=" " ind2="7" tag="655"><subfield code="a">Newspapers.</subfield><subfield code="2">fast</subfield><subfield code="0">(OCoLC)fst01423814</subfield></datafield><datafield ind1=" " ind2="7" tag="651"><subfield code="a">Michigan</subfield><subfield code="z">Berrien County.</subfield><subfield code="2">fast</subfield><subfield code="0">(OCoLC)fst01203031</subfield></datafield><datafield ind1=" " ind2="7" tag="651"><subfield code="a">Michigan</subfield><subfield code="z">Saint Joseph.</subfield><subfield code="2">fast</subfield><subfield code="0">(OCoLC)fst01208984</subfield></datafield><datafield ind1=" " ind2=" " tag="752"><subfield code="a">United States</subfield><subfield code="b">Michigan</subfield><subfield code="c">Berrien</subfield><subfield code="d">Saint Joseph.</subfield></datafield><datafield ind1="1" ind2="7" tag="785"><subfield code="t">Saint Joseph traveler</subfield><subfield code="w">(DLC)sn 86053930</subfield><subfield code="w">(OCoLC)14906971</subfield></datafield><datafield ind1="1" ind2="7" tag="785"><subfield code="t">St. Joseph traveler and herald</subfield><subfield code="w">(DLC)sn 85026566</subfield><subfield code="w">(OCoLC)12272830</subfield></datafield></record>